<?xml version="1.0" encoding="UTF-8"?><collection xmlns="http://www.loc.gov/MARC21/slim"><record><leader>00503nam--2200157-i-4500</leader><controlfield tag="001">000026637</controlfield><controlfield tag="002">20161230</controlfield><controlfield tag="005">20161230201036</controlfield><controlfield tag="008">060222s1000------------r-----000-0-eng-d</controlfield><datafield ind1=" " ind2=" " tag="100"><subfield code="a">Richtmyer, Robert D</subfield></datafield><datafield ind1=" " ind2=" " tag="245"><subfield code="a">Interscience tracts in pure and applied mathematics. vol. 4. difference methods for initial-value problems</subfield></datafield><datafield ind1=" " ind2=" " tag="260"><subfield code="a">New York, Interscience Publishers, Inc., 1955</subfield></datafield><datafield ind1=" " ind2=" " tag="490"><subfield code="v">vol.4</subfield></datafield><datafield ind1=" " ind2=" " tag="700"><subfield code="a">Bers L., Courant R. And Stoker J.J</subfield></datafield><datafield ind1=" " ind2=" " tag="852"><subfield code="a">12101</subfield></datafield><datafield ind1=" " ind2=" " tag="CAT"><subfield code="a">Sys</subfield><subfield code="c">20080331</subfield><subfield code="h">121551</subfield></datafield></record></collection>